<record><leader>00000cas a22000007a 4500</leader><controlfield tag="001">18483751</controlfield><controlfield tag="008">880914d18921906paucr ne      0    0eng d</controlfield><datafield ind1=" " ind2=" " tag="010"><subfield code="a">sn 88079468 </subfield></datafield><datafield ind1=" " ind2=" " tag="040"><subfield code="a">NPH</subfield><subfield code="b">eng</subfield><subfield code="c">NPH</subfield><subfield code="d">OCLCQ</subfield></datafield><datafield ind1=" " ind2=" " tag="042"><subfield code="a">msc</subfield></datafield><datafield ind1="0" ind2=" " tag="130"><subfield code="a">Semi-weekly enterprise (Cambridge Springs, Pa.)</subfield></datafield><datafield ind1="1" ind2="4" tag="245"><subfield code="a">The semi-weekly enterprise.</subfield></datafield><datafield ind1="1" ind2="3" tag="246"><subfield code="a">Cambridge Springs enterprise</subfield></datafield><datafield ind1=" " ind2=" " tag="260"><subfield code="a">Cambridge Springs, Pa. :</subfield><subfield code="b">Enterprise Pub. Co.,</subfield><subfield code="c">-1906.</subfield></datafield><datafield ind1=" " ind2=" " tag="300"><subfield code="a">v. :</subfield><subfield code="b">ill.</subfield></datafield><datafield ind1=" " ind2=" " tag="310"><subfield code="a">Semiweekly</subfield></datafield><datafield ind1="1" ind2=" " tag="362"><subfield code="a">Began in 1892.</subfield></datafield><datafield ind1="0" ind2=" " tag="362"><subfield code="a">-v. 15, no. 49 (Dec. 28, 1906).</subfield></datafield><datafield ind1=" " ind2=" " tag="588"><subfield code="a">Description based on: Vol. 8, no. 52 (Jan. 2, 1900).</subfield></datafield><datafield ind1=" " ind2=" " tag="752"><subfield code="a">United States</subfield><subfield code="b">Pennsylvania</subfield><subfield code="c">Crawford</subfield><subfield code="d">Cambridge Springs.</subfield></datafield><datafield ind1="0" ind2="0" tag="785"><subfield code="t">Cambridge Springs enterprise (Cambridge Springs, Pa. : 1907)</subfield><subfield code="w">(DLC)sn 88080777</subfield></datafield></record>